% This file was created with JabRef 2.10b2.
% Encoding: UTF-8


@Electronic{geriangerWBSS,
  Title                    = {A simulation of a tsunami wave hitting Gerianger using a Well-Balanced Stable scheme},
  Author                   = {Aga, Kristian and Berge, Runar L. and Klemetsdal Øystein S. and Myrvoll Nilsen, Eirik and Selle, Maria},
  Note                     = {\url{https://www.youtube.com/watch?v=ED44HKziXRo}},
  Url                      = {https://www.youtube.com/watch?v=ED44HKziXRo},

  Owner                    = {runarlb},
  Timestamp                = {2015.11.23}
}

@Electronic{charExample,
  Title                    = {A solution of the shallow water equation using a characteristic solver},
  Author                   = {Aga, Kristian and Berge, Runar L. and Klemetsdal Øystein S. and Myrvoll Nilsen, Eirik and Selle, Maria},
  Month                    = {November},
  Note                     = {\url{https://www.youtube.com/watch?v=sBM9NMctqjY}},
  Url                      = {https://www.youtube.com/watch?v=sBM9NMctqjY},
  Year                     = {2015},

  Owner                    = {runarlb},
  Timestamp                = {2015.11.23}
}

@Electronic{geirangerMFDFD,
  Title                    = {Simulation of a tsunami wave hitting Geiranger using a mimetic-finite-difference/forward-difference scheme},
  Author                   = {Aga, Kristian and Berge, Runar L. and Klemetsdal Øystein S. and Myrvoll Nilsen, Eirik and Selle, Maria},
  Month                    = {November},
  Note                     = {\url{https://www.youtube.com/watch?v=zcWdI5Oo0M4}},
  Url                      = {https://www.youtube.com/watch?v=zcWdI5Oo0M4},
  Year                     = {2015},

  Owner                    = {runarlb},
  Timestamp                = {2015.11.23}
}

@Electronic{geirangerUnUpWBS,
  Title                    = {Simulating the run up of a tsunami wave hitting Geiranger using a Well-Balanced Stable scheme},
  Author                   = {Aga, Kristian and Berge, Runar L. and Klemetsdal Øystein S. and Myrvoll Nilsen, Eirik and Selle, Maria},
  Month                    = {November},
  Note                     = {\url{https://www.youtube.com/watch?v=OTl3A1c0wKA}},
  Url                      = {https://www.youtube.com/watch?v=OTl3A1c0wKA},
  Year                     = {2015},

  Owner                    = {runarlb},
  Timestamp                = {2015.11.23}
}

@Electronic{hellesyltMFDFD,
  Title                    = {Simulation of a tsunami wave hitting Hellesylt using a mimetic-finite-difference/forward-difference scheme},
  Author                   = {Aga, Kristian and Berge, Runar L. and Klemetsdal Øystein S. and Myrvoll Nilsen, Eirik and Selle, Maria},
  Month                    = {November},
  Note                     = {\url{https://www.youtube.com/watch?v=qqvkXDB8pRM}},
  Url                      = {https://www.youtube.com/watch?v=qqvkXDB8pRM},
  Year                     = {2015},

  Owner                    = {runarlb},
  Timestamp                = {2015.11.23}
}

@Electronic{hellesyltWBSS,
  Title                    = {A simulation of a tsunami wave hitting Hellesylt using a Well-Balanced Stable scheme},
  Author                   = {Aga, Kristian and Berge, Runar L. and Klemetsdal Øystein S. and Myrvoll Nilsen, Eirik and Selle, Maria},
  Month                    = {November},
  Note                     = {\url{https://www.youtube.com/watch?v=I9748mU-WqE}},
  Url                      = {https://www.youtube.com/watch?v=I9748mU-WqE},
  Year                     = {2015},

  Owner                    = {runarlb},
  Timestamp                = {2015.11.23}
}

@Electronic{MFDFD3dExample,
  Title                    = {3D example of a mimetic-finite-difference/forward-difference scheme},
  Author                   = {Aga, Kristian and Berge, Runar L. and Klemetsdal Øystein S. and Myrvoll Nilsen, Eirik and Selle, Maria},
  Month                    = {November},
  Note                     = {\url{https://www.youtube.com/watch?v=isME7D0YWaM}},
  Url                      = {https://www.youtube.com/watch?v=isME7D0YWaM},
  Year                     = {2015},

  Owner                    = {runarlb},
  Timestamp                = {2015.11.23}
}

@Article{audusse04,
  Title                    = {A Fast and Stable Well-Balanced Scheme with Hydrostatic Reconstruction for Shallow Water Flows},
  Author                   = {Audusse, Emmanuel and Bouchut, Fran\c ois and Bristeau, Marie-Odile, Klein Rupert, and Perthame, Benoit},
  Journal                  = {SIAM},
  Year                     = {2004},
  Number                   = {6},
  Pages                    = {2050-2065},
  Volume                   = {25},

  Owner                    = {runarlb},
  Timestamp                = {2015.11.23}
}

@Article{harbitz14,
  Title                    = {Rockslide tsunamis in complex fjords: From an unstable rock slope at Åkerneset to tsunami risk in western Norway },
  Author                   = {C.B. Harbitz and S. Glimsdal and F. Løvholt and V. Kveldsvik and G.K. Pedersen and A. Jensen},
  Journal                  = {Coastal Engineering },
  Year                     = {2014},
  Pages                    = {101 - 122},
  Volume                   = {88},

  Doi                      = {http://dx.doi.org/10.1016/j.coastaleng.2014.02.003},
  ISSN                     = {0378-3839},
  Keywords                 = {Rockslide},
  Owner                    = {runarlb},
  Timestamp                = {2015.11.23},
  Url                      = {http://www.sciencedirect.com/science/article/pii/S0378383914000271}
}

@Book{lie15,
  Title                    = {An Introduction to Reservoir Simulation Using MATLAB},
  Author                   = {Knut-Andreas Lie},
  Publisher                = {SINTEF ICT},
  Year                     = {2015},
  Month                    = {November},

  Owner                    = {runarlb},
  Timestamp                = {2015.11.23},
  Url                      = {http://folk.uio.no/kalie/tmp/mrst-book.pdf}
}

@Article{lothe10,
  Title                    = {Skred i vannmagasiner - Konklusjoner fra modellforsøk},
  Author                   = {Lothe, A.E.},
  Journal                  = {SINTEF},
  Year                     = {2010},

  Owner                    = {oysteskl},
  Timestamp                = {2015.11.23}
}

@Electronic{projectDescription,
  Title                    = {TMA4195 - MATHEMATICAL MODELING (FALL 2015). PROJECT DESCRIPTION},
  Author                   = {Raynaud, Xavier},
  Month                    = {11},
  Url                      = {http://www.math.ntnu.no/emner/TMA4195/2015h/Project/project.pdf},
  Year                     = {2015},

  Owner                    = {runarlb},
  Timestamp                = {2015.11.23}
}

@Electronic{raynaud15,
  Title                    = {Mixed formulation and mimetic finite difference},
  Author                   = {Raynaud, X.},
  Note                     = {\url{http://www.math.ntnu.no/emner/TMA4195/2015h/Project/mimetic.pdf}},
  Organization             = {SINTEF},
  Year                     = {2015},

  Owner                    = {oysteskl},
  Timestamp                = {2015.11.23}
}

